@inproceedings{Pravin:2008SCAR,
  author =       {Rana, P. K.  and Routray, A. and Dash, M. K. and Pandey, P. C.},
  title =        {\textbf{Prediction of {Antarctic} sea ice edge using artificial intelligence}},
  booktitle =    {SCAR/IASC IPY Open Science Conference},
  year =         {2008},
  month =        {Abstract S1.6/O28, Jul.},
  address =      {St. Petersburg, Russia},
}
