%% This BibTeX bibliography file was created using BibDesk.
%% http://bibdesk.sourceforge.net/


%% Created for Pravin Kumar Rana at 2014-05-28 00:27:46 +0200 


%% Saved with string encoding Unicode (UTF-8) 



@inproceedings{Pravin:20143DTVCON,
	Address = {Budapest, Hungary},
	Author = {Rana, P. K.  and Taghia, J. and Flierl, M.},
	Booktitle = {Proceedings of 3DTV Conference: In Pursuit Of Next Generation 3D Display (3DTV-CON)},
	Date-Modified = {2014-05-27 22:27:15 +0000},
	Month = {Jul.},
	Pages = {1-4},
	Series = {Special Session on Free-Viewpoint Television and Related Technologies},
	Title = {\textbf{Statistical methods for inter-view depth enhancement}},
	Year = {2014}}

@inproceedings{Pravin:2013ICASSP,
	Address = {Vancouver, Canada},
	Author = {Rana, P. K. and Ma, Z. and Taghia, J. and Flierl, M.},
	Booktitle = {Proceedings of IEEE International Conference on Acoustics, Speech, and Signal Processing (ICASSP)},
	Month = {May},
	Pages = {1528-1532},
	Title = {\textbf{Multiview depth map enhancement by variational {B}ayes inference estimation of {D}irichlet mixture models}},
	Year = {2013}}

@inproceedings{Pravin:2012ISM,
	Address = {Irvine, California, USA},
	Author = {Rana, P. K. and Taghia, J. and Flierl, M.},
	Booktitle = {Proceedings of IEEE International Symposium on Multimedia (ISM)},
	Month = {Dec.},
	Pages = {183-190},
	Title = {\textbf{A variational {B}ayesian inference framework for multiview depth image enhancement}},
	Year = {2012}}

@inproceedings{Parthasarathy:20123DTVCON,
	Address = {Zurich, Switzerland},
	Author = {Parthasarathy, S. and Chopra, A. and Baudin, E. and Rana, P. K.  and Flierl, M.},
	Booktitle = {Proceedings of 3DTV Conference: The True Vision - Capture, Transmission and Display of 3D Video (3DTV-CON)},
	Month = {Oct.},
	Pages = {1-4},
	Title = {\textbf{Denoising of volumetric depth confidence for view rendering}},
	Year = {2012}}

@inproceedings{Pravin:2012,
	Address = {Bucharest, Romania},
	Author = {Rana, P. K. and Flierl, M.},
	Booktitle = {Proceedings of European Signal Processing Conference (EUSIPCO)},
	Month = {Aug.},
	Pages = {1119-1123},
	Title = {\textbf{Depth pixel clustering for consistency testing of multiview depth}},
	Year = {2012}}

@inproceedings{Pravin:2011,
	Address = {Barcelona, Spain},
	Author = {Rana, P. K.  and Flierl, M.},
	Booktitle = {Proceedings of European Signal Processing Conference (EUSIPCO)},
	Month = {Aug.},
	Pages = {383-387},
	Title = {\textbf{View interpolation with structured depth from multiview video}},
	Year = {2011}}

@inproceedings{Pravin:2010,
	Address = {Saint Malo, France},
	Author = {Rana, P. K.  and Flierl, M.},
	Booktitle = {Proceedings of IEEE SPS International Workshop on Multimedia Signal Processing (MMSP)},
	Month = {Oct.},
	Pages = {384-389},
	Title = {\textbf{Depth consistency testing for improved view interpolation}},
	Year = {2010}}
