
@article{Pravin:2015TSTSP,
	Author = {Rana, P. K. and Taghia, J. and Ma, Z. and Flierl, M.},
	Journal = {{IEEE} Transactions on Selected Topics in Signal Processing, Special Issue on Interactive Media Processing for Immersive Communication},
	Month = {Apr.},
	Number = {3},
	Volume = {9},
	Pages = {435 -- 448},
	Title = {\textbf{Probabilistic multiview depth image enhancement using variational inference}},
	Year = {2015}, 
	doi = {10.1109/JSTSP.2014.2373331}}
@article{ZMa:2013PR,
	Author = {Ma, Z. and Rana, P. K.  and Taghia, J. and Flierl, M. and Leijon, A.},
	Journal = {Pattern Recognition},
	Month = {Sep.},
	Number = {9},
	Pages = {3143 -- 3157},
	Title = {\textbf{Bayesian estimation of {D}irichlet mixture model with variational inference}},
	Volume = {47},
	Year = {2014}}
@article{Pravin:2011JGSI,
	Author = {Rana, P. K. and Dash, M. K. and Routray, A. and Pandey, P. C.},
	Journal = {Journal of the Geological Society of India},
	Month = {Aug.},
	Number = {2},
	Pages = {99 -- 108},
	Title = {\textbf{Prediction of sea ice edge in the Antarctic using {GVF} Snake model}},
	Volume = {78},
	Year = {2011}}
