% [Published Applications SW/US/EU]
 % 
 @inproceedings{Pravin:19M192app,
 author               = {Rosell, M. and Johansson, S. and Rana, P. K. and Wang, Y. and Remon Salazar, G.},
 month               = {Assignee: Tobii AB,},
 title                   = {\textbf{Eye gaze tracking system, associated methods and computer programs}}, 
 year                  = {US Patent Application 18/159307, May. 2023}} 
 
 @inproceedings{Pravin:2022P1Tobii-20M122,
 author             = {Wase, V. and  Ljungzell, E. and Ryan, M. A.  and Giordano, C. and Lundahl, R. and  Rana, P. K.},
 month             = {Assignee: Tobii AB,},
 title                 = {\textbf{Eye tracking system}},
 year                = {US Patent Application 17/459442, Mar. 2022}} 
 
@inproceedings{Pravin:2021P2Tobii-19M188,
 author               = {Rana, P. K. and Bianchi, G},
 month               = {Assignee: Tobii AB,},
 title                   = {\textbf{Methods and systems for a head-mounted device for updating an eye tracking model}},
 year                  = {US Patent Application 17/039918, Aug. 2021}} %SE-543,354

 @inproceedings{Pravin:2020P3,
 author            = {Rana, P. K. and Torneus, D. and Andersson, J.},
 month            = {Assignee: Tobii AB,},
 title                = {\textbf{Methods and system for controlling illuminators}},
 year               = {US Patent Application 16/506398, Jun. 2022}} 
 
%[Un-published Applications SW/US/EU]
%
@inproceedings{21Q411-IlluminationAdjusterP234,
author              = {Rana, P. K. and Wang, Y. and Torneus, D.},
month              = {Assignee: Tobii AB,},
title                  = {\textbf{An eye tracking system}},  
year                 = {SE Patent Application XXXXXXX-X, 2022}} 

@inproceedings{22Q223P244US,
author               = {Rana, P. K. and Glimaker, O. and Selin, M.},
month               = {Assignee: Tobii AB,},
title                    = {\textbf{Illuminator system for eye tracking system}},
year                  = {SE Patent Application XXXXXXX-X, Jan. 2023}} 

@inproceedings{22Q315:P249US,
author               = {Johansson, S. and Rosell, M. and Ljungzell, E. and Lundahl, R. and Keshavdas, S. and Rana, P. K. and Zamani, N. and Wu, H.},
month               = {Assignee: Tobii AB,},
title                    = {\textbf{Convergence via IPD}},
year                  = {US/SE Patent Application XXXXXXX-X, Mar. 2023}} 

@inproceedings{22Q317P254US:ConvergenceConfidenceCone,
author               = {Keshavdas, S. and Lundahl, R. and Rana, P. K. and Zamani, N.},
month               = {Assignee: Tobii AB,},
title                    = {\textbf{An eye tracking system and methods of using an eye tracking system}},
year                  = {US/SE Patent Application 2350840-1, Jul. 2023}} %NOT PAID % Filed 2023-07-05

%Total Patent = 24
%
% [Submitted]                
% [19M604][X] Filtering convergence distance 
% [20M121][X] Eye tracking solutions using edge networks 
% [20Q213][X] Method for detecting sub-optimal rendering distortion map in VR HMD using eye tracking systems
% [23Q108][X] Methods to detect and correct occlusion due to prescription glasses in the eye tracking camera field-of-view (Submitted 2023-03-23)
% [19M611][?] Eye tracking system using the lens-less imaging  
% [23Q212][?] Methods to estimate prescription glasses strengths in XR headset (Submitted 2023-06-15)
% [23Q3XX][?] Method to guide users to have an optimal iris ID experience (Submitted 2023-07-12)
%
% [Under Development]
% [23QBBB] Eye Tracking Optical System Key Parameters Calibration During Usage
% [23QBBB] Improve pupil detection
% [23QBBB] Convergence data collection method with two objects
% [23QBBB] Improve IPD method using (Huu)

