%% BibTeX Entries
%17
@inproceedings{Pravin:19M606:P219US,
author               = {Rana, P. K.},
month               = {Assignee: Tobii AB,},
title                   = {\textbf{Method, computer program product, control unit and head-mounted display for conserving energy in an eye tracking system}},
year                  = {US Patent 11,681,368, Jun. 2023}} %NOT PAID
 %16
@inproceedings{Pravin:P135US2,
 author              = {Wang, T. and Remon Salazar, G. and Wang, Y. and Rana, P. K.  and Ryan, M. A.  and Kron, J. and Sundberg, T.},
 month              = {Assignee: Tobii AB,},
 title                  = {\textbf{Gaze tracking using mapping of pupil center position}},
 year                 = {US Patent 11,681,366, Jun. 2023}}  
%15
 @inproceedings{Pravin:19M192,
 author               = {Rosell, M. and Johansson, S. and Rana, P. K. and Wang, Y. and Remon Salazar, G.},
 month               = {Assignee: Tobii AB,},
 title                   = {\textbf{Eye gaze tracking system, associated methods and computer programs}}, 
 year                  = {US Patent 11,593,962, Feb. 2023}} %NOT PAID
%14
@inproceedings{Pravin:2023P1,
 author             = {Wang, Y. and Bj\"{o}rk, Y. and Zachrisson, J. and Rana, P. K.},
 month             = {Assignee: Tobii AB,},
 title                 = {\textbf{Methods and device for detecting a shadow in a head mounted device}},
 year                = {US Patent 11,556,006, Jan. 2023}} 
 %13
 @inproceedings{Pravin:2022P4,
 author               = { Wang, T. and Rana, P. K.  and Wang, Y. and Ryan, M. A.},
 month               = {Assignee: Tobii AB, Feb.},
 title                   = {\textbf{Detecting relocation of a head-mounted display}},
 year                  = {US Patent 11,259,010, Feb. 2022}} 
 %12
@inproceedings{Pravin:2022P3,
 author               = {Wang, T. and Remon Salazar, G. and Wang, Y. and Rana, P. K.  and Ryan, M. A.  and Kron, J. and Sundberg, T.},
 month               = {Assignee: Tobii AB,},
 title                    = {\textbf{Gaze tracking using mapping of pupil center position}},
 year                  = {US Patent 11,249,547, Feb. 2022}} 
 %11
@inproceedings{Pravin:2022P2,
 author            = {Rana, P. K. and Wang, Y.},
 month            = {Assignee: Tobii AB,},
 title                 = {\textbf{Method and system for glint/reflection identification}},
 year               = {US Patent 11,243,607, Feb. 2022}}
 %10
@inproceedings{Pravin:2022P1,
 author              = {Rana, P. K. and Romero, M. G. and Lundahl, R. and Wang, Y.},
 month               = {Assignee: Tobii AB,},
 title               = {\textbf{Iterative point indexing}},
 year                = {US Patent 11,232,594, Jan. 2022}}
 %9
@inproceedings{Pravin:2021P1,
 author             = {Ryan, M. A.  and Lind\'{e}n, E. and Sj\"{o}strand, J. and Rana, P. K.},
 month             = {Assignee: Tobii AB,},
 title                = {\textbf{Updating a cornea model}},
 year               = {US Patent 11,061,473, Jul. 2021}} 
%8
@inproceedings{Pravin:2020P2,
 author               = {Ryan, M. A. and Sundberg, T. and  Rana, P. K. and Wang, Y.},
 month                = {Assignee: Tobii AB,},
 title                = {\textbf{Determining eye openness with an eye tracking device}},
 year                 = {US Patent 10,852,531, Dec. 2020}}
 %7
@inproceedings{Pravin:2020P1,
 author               = {Rana, P. K.  and Torneus, D.},
 month                = {Assignee: Tobii AB,},
 title                = {\textbf{Lens position adjustment in a wearable device}},
 year                 = {US Patent 10,642,028, May 2020}}
 %6
 @inproceedings{Pravin:2019P4,
 author               = {Ryan, M. A. and Sundberg, T. and  Rana, P. K. and Wang, Y.},
 month                = {Assignee: Tobii AB,},
 title                = {\textbf{Determining eye openness with an eye tracking device}},
 year                 = {US Patent 10,394,019, Aug, 2019}}
%5
@inproceedings{Pravin:2019P3,
 author               = {Rana, P. K. and Torneus, D. and Andersson, J.},
 month                = {Assignee: Tobii AB, Jul.},
 title                = {\textbf{Methods and system for controlling illuminators}},
 year                 = {US Patent 10,342,425, Jul. 2019}}
 %4
@inproceedings{Pravin:2019P2,
 author               = {Rana, P. K. and Wang, Y.},
 month                = {Assignee: Tobii AB,},
 title                = {\textbf{Method and system for glint/reflection identification}},
 year                 = {US Patent 10,324,529, Jun. 2019}}
%3
@inproceedings{Pravin:2019P1,
 author               = {Rana, P. K. and Wang, Y.},
 month                = {Assignee: Tobii AB,},
 title                = {\textbf{Method and system for glint/reflection identification}},
 year                 = {US Patent 10,288,879, May 2019}}
 %2
@inproceedings{Pravin:2016P2,
 author               = {Flierl, M. and Rana, P. K. and Girdzijauskas, I. and Rusert, T. and Georgakis, A.},
 month                = {Assignee: Telefonaktiebolaget LM Ericsson AB,},
 title                = {\textbf{Methods and arrangements for {3D} scene representation}},
 year                 = {US Patent 9,451,233, Sep. 2016}}
%1
@inproceedings{Pravin:2016P1,
 author               = {Girdzijauskas, I. and Flierl, M. and Rana, P. K.},
 month                = {Assignee: Telefonaktiebolaget LM Ericsson AB,},
 title                = {\textbf{Method and processor for {3D} scene representation}},
 year                 = {US Patent 9,235,920, Jan. 2016}}
