@article{Pravin:2015TIP,
author = {Rana, P. K. and Flierl, M.},
title = {\textbf{Inter-view depth consistency testing in depth difference subspace}},
journal={\href{https://arxiv.org/abs/2301.11752}{arXiv:2301.11752}},
month = {Jan.},
year = {2023},
doi = {10.48550/ARXIV.2301.11752}}
