% BibTeX Entries
@techreport{Pravin:2009MPEG,
 address              = {Xian, China},
 author                = {Georgakis, A. and Rana, P. K. and Radulovic, I.},
 institution           = {MPEG {ISO/IEC JTC 1/SC 29/WG}},
 month                = {Oct.},
 number              = {Telefonaktiebolaget L M Ericsson AB, M16977},
 title                     = {\textbf{{3DTV} exploration experiments {(EE1 \& EE4)} on the {L}ovebird1 data set}},
 year                   = {2009},}
