
@mastersthesis{Pravin:2008MTech,
  author =       {P. K. Rana},
  title =        {\textbf{Prediction of Antarctic sea ice edge using active contour model}},
  school =       {Center for Oceans, Rivers, Atmosphere and Land Sciences},
  type =         {{M}aster of {T}echnology},
  address =      {Indian Institute of Technology, Kharagpur, India},
  month =        {May},
  year =         {2008},
}
@mastersthesis{Pravin:2004MSc.,
  author =       {P. K. Rana and Mishra, G.},
  title =        {\textbf{Study on general impedance converter and its application in realization of second order active electronic resistor-capacitor-filters}},
  school =       {University Department of Physics},
  type =         {{M}aster of {S}cience},
  address =      {Ranchi University, Ranchi, India},
  month =        {Jul.},
  year =         {2004},
}% 29 July 2004/Roll Number: Gurudutt Mishra 05/02 and Pravin Kumar Rana 12/02

